<?xml version="1.0" encoding="UTF-8"?><collection xmlns="http://www.loc.gov/MARC21/slim"><record><leader>00450nam--2200169-i-4500</leader><controlfield tag="001">000031268</controlfield><controlfield tag="002">20161230</controlfield><controlfield tag="005">20161230201038</controlfield><controlfield tag="008">060222s1000------------r-----000-0-eng-d</controlfield><datafield ind1=" " ind2=" " tag="040"><subfield code="a">IFIN-HH</subfield></datafield><datafield ind1=" " ind2=" " tag="080"><subfield code="a">538.9:537.222.22</subfield></datafield><datafield ind1="1" ind2=" " tag="100"><subfield code="a">Mckelvey, John P</subfield></datafield><datafield ind1="1" ind2="0" tag="245"><subfield code="a">Solid state and semiconductor physics</subfield><subfield code="c">John p. mckelvey</subfield></datafield><datafield ind1=" " ind2=" " tag="260"><subfield code="a">New York</subfield><subfield code="b">Harper &amp; Row</subfield><subfield code="c">1966</subfield></datafield><datafield ind1=" " ind2=" " tag="300"><subfield code="a">XII + 512P</subfield></datafield><datafield ind1=" " ind2=" " tag="852"><subfield code="a">27267</subfield><subfield code="c">539.2</subfield></datafield><datafield ind1=" " ind2=" " tag="CAT"><subfield code="a">Sys</subfield><subfield code="c">20121012</subfield><subfield code="h">145908</subfield></datafield></record></collection>